<?xml version="1.0" encoding="UTF-8"?><record xmlns="http://www.loc.gov/MARC21/slim" xmlns:cinclude="http://apache.org/cocoon/include/1.0" xmlns:zs="http://www.loc.gov/zing/srw/">
  <leader>00505cz  a2200145n  4500</leader>
  <controlfield tag="001">n  86835418 </controlfield>
  <controlfield tag="003">DLC</controlfield>
  <controlfield tag="005">20090206081619.0</controlfield>
  <controlfield tag="008">860620n| acannaabn          |a and      </controlfield>
  <datafield tag="010" ind1=" " ind2=" ">
    <subfield code="a">n  86835418 </subfield>
  </datafield>
  <datafield tag="035" ind1=" " ind2=" ">
    <subfield code="a">(OCoLC)oca01623219</subfield>
  </datafield>
  <datafield tag="040" ind1=" " ind2=" ">
    <subfield code="a">DLC</subfield>
    <subfield code="b">eng</subfield>
    <subfield code="c">DLC</subfield>
    <subfield code="d">DLC</subfield>
    <subfield code="d">OCoLC</subfield>
  </datafield>
  <datafield tag="110" ind1="2" ind2=" ">
    <subfield code="a">St. Ann's Catholic Church (Berthold, N.D.)</subfield>
  </datafield>
  <datafield tag="410" ind1="2" ind2=" ">
    <subfield code="a">Saint Ann's Catholic Church (Berthold, N.D.)</subfield>
  </datafield>
  <datafield tag="670" ind1=" " ind2=" ">
    <subfield code="a">nuc86-57689: Its Saint Ann's 75th jubilee, 1982</subfield>
    <subfield code="b">(hdg. on NdFA rept.: St. Ann's Catholic Church (Berthold, N.D.))</subfield>
  </datafield>
</record>